@string{acm-cikm        = {ACM Conference on Information and Knowledge Management (CIKM)}}
@string{acm-csur        = {ACM Computing Surveys (CSUR)}}
@string{acm-pods        = {ACM SIGACT-SIGMOD-SIGART Symposium on Principles of Database Systems (PODS)}}
@string{acm-popl        = {ACM Symposium on Principles of Programming Languages (POPL)}}
@string{acm-sigmod      = {ACM SIGMOD International Conference on Management of Data}}
@string{acm-tkdd        = {ACM Transactions on Knowledge Discovery from Data (TKDD)}}
@string{acsac           = {Annual Computer Security Applications Conference (ACSAC)}}
@string{ase             = {International Conference on Automated Software Engineering (ASE)}}
@string{asiaccs         = {ACM Symposium on Information, Computer and Communications Security (ASIACCS)}}
@string{asiacrypt       = {International Conference on the Theory and Application of Cryptology and Information Security (ASIACRYPT)}}
@string{asplos          = {International Conference on Architectural Support for Programming Languages and Operating Systems (ASPLOS)}}
@string{ccs             = {ACM Conference on Computer and Communications Security (CCS)}}
@string{ceas            = {Collaboration, Electronic messaging, Anti-Abuse and Spam Conference (CEAS)}}
@string{cerias          = {{Annual Information Security Symposium (CERIAS)}}}
@string{chfcs           = {SIGCHI Conference on Human Factors in Computing Systems}}
@string{conext          = {ACM International Conference on Emerging Networking Experiments and Technologies (CoNEXT)}}
@string{crypto          = {International Cryptology Conference (CRYPTO)}}
@string{dexa-ws         = {International Workshop on Database and Expert Systems Applications (DEXA)}}
@string{dimva           = {Detection of Intrusions and Malware, and Vulnerability Assessment (DIMVA)}}
@string{dsn             = {Annual IEEE/IFIP International Conference on Dependable Systems and Networks (DSN)}}
@string{esorics         = {European Symposium on Research in Computer Security (ESORICS)}}
@string{eurocrypt       = {European Cryptology Conference (EUROCRYPT)}}
@string{hotbots         = {USENIX Workshop on Hot Topics in Understanding Botnets (HotBots)}}
@string{hotos           = {USENIX Workshop on Hot Topics in Operating Systems (HotOS)}}
@string{ieee-cse        = {International Conference on Computational Science and Engineering (CSE)}}
@string{ieee-cvpr       = {IEEE Computer Society Conference on Computer Vision and Pattern Recognition (CVPR)}}
@string{ieee-dcs        = {IEEE Conference on Distributed Computing Systems}}
@string{ieee-icnp       = {IEEE International Conference on Network Protocols (ICNP)}}
@string{ieee-icps       = {IEEE International Conference on Pervasive Services (ICPS)}}
@string{imc             = {ACM SIGCOMM Internet Measurement Conference (IMC)}}
@string{iwsec           = {International Workshop on Advances in Information and Computer Security (IWSEC)}}
@string{infocom         = {IEEE Conference on Computer Communications (INFOCOM)}}
@string{leet            = {USENIX Workshop on Large-Scale Exploits and Emergent Threats (LEET)}}
@string{lisa            = {USENIX Large Installation System Administration Conference}}
@string{mmf             = {Workshop on Malware Memory Forensics (MMF)}}
@string{ndss            = {ISOC Network and Distributed System Security Symposium (NDSS)}}
@string{nsdi            = {USENIX Symposium on Networked Systems Design and Implementation (NSDI)}}
@string{nspw            = {New Security Paradigms Workshop}}
@string{nss             = {International Conference on Network and System Security (NSS)}}
@string{oakland         = {IEEE Symposium on Security and Privacy (S\&P)}}
@string{eurosp          = {IEEE European Symposium on Security and Privacy (EuroS\&P)}}
@string{osdi            = {USENIX Symposium on Operating System Design and Implementation (OSDI)}}
@string{pet             = {Privacy Enhancing Technologies (PET)}}
@string{raid            = {International Symposium on Research in Attacks, Intrusions and Defenses (RAID)}}
@string{sac             = {ACM Symposium on Applied Computing (SAC)}}
@string{sdm             = {SIAM International Conference on Data Mining (SDM)}}
@string{shcis           = {Workshop on Security in highly connected IT systems (SHCIS)}}
@string{sigcomm         = {ACM SIGCOMM Conference on Data Communication}}
@string{soups           = {Symposium on Usable Privacy and Security (SOUPS)}}
@string{srds            = {International Symposium on Reliable Distributed Systems (SRDS)}}
@string{sruti           = {USENIX Workshop on Steps to Reducing Unwanted Traffic on the Internet (SRUTI)}}
@string{trustcom        = {International Conference on Trust, Security and Privacy in Computing and Communications (TrustCom)}}
@string{usenix-atc      = {USENIX Annual Technical Conference}}
@string{usenix-security = {USENIX Security Symposium}}
@string{weis            = {Workshop on Economics of Information Security (WEIS)}}
@string{woot            = {USENIX Workshop on Offensive Technologies (WOOT)}}
@string{wpes            = {ACM Workshop on Privacy in the Electronic Society (WPES)}}
@string{www             = {International Conference on World Wide Web (WWW)}}

@inproceedings{sivakorn2016robot,
  title={{I Am Robot: (Deep) Learning to Break Semantic Image CAPTCHAs}},
  author={Sivakorn, Suphannee and Polakis, Iasonas and Keromytis, Angelos D},
  booktitle=eurosp,
  year={2016}
}

@inproceedings{von2003captcha,
  title={{CAPTCHA: Using hard AI problems for security}},
  author={Von Ahn, Luis and Blum, Manuel and Hopper, Nicholas J and Langford, John},
  booktitle=eurocrypt,
  year={2003}
}

@article{turing1950computing,
  title={Computing machinery and intelligence},
  author={Turing, Alan M},
  journal={Mind},
  volume={59},
  number={236},
  pages={433--460},
  year={1950},
  publisher={JSTOR}
}

@article{goodfellow2013multi,
  title={Multi-digit number recognition from street view imagery using deep convolutional neural networks},
  author={Goodfellow, Ian J and Bulatov, Yaroslav and Ibarz, Julian and Arnoud, Sacha and Shet, Vinay},
  journal={arXiv preprint arXiv:1312.6082},
  year={2013}
}

@inproceedings{kopp2016mimic,
  title={How to Mimic Humans, Guide for Computers.},
  author={Kopp, Martin and Pistora, Matous and Holena, Martin},
  booktitle={ITAT},
  pages={110--117},
  year={2016}
}


@inproceedings{bursztein2014end,
  title={The End is Nigh: Generic Solving of Text-based CAPTCHAs.},
  author={Bursztein, Elie and Aigrain, Jonathan and Moscicki, Angelika and Mitchell, John C},
  booktitle={WOOT},
  year={2014}
}

@article{osadchy2017no,
  title={No Bot Expects the DeepCAPTCHA! Introducing Immutable Adversarial Examples, With Applications to CAPTCHA Generation},
  author={Osadchy, Margarita and Hernandez-Castro, Julio and Gibson, Stuart and Dunkelman, Orr and P{\'e}rez-Cabo, Daniel},
  journal={IEEE Transactions on Information Forensics and Security},
  volume={12},
  number={11},
  pages={2640--2653},
  year={2017},
  publisher={IEEE}
}

@misc{reshef2004method,
  title={{Method and System for Discriminating a Human Action from a Computerized Action}},
  author={Reshef, Eran and Raanan, Gil and Solan, Eilon},
  year={2004},
  month=mar # "~1",
  publisher={Google Patents},
  note={US Patent App. 10/790,611}
}

@book{deepLearning2017,
  title={{Deep Learning with Python}},
  author={Chollet, Francois},
  year={2017},
  month=jan,
  publisher={Manning}
}


@inproceedings{cruz-perez_breaking_2012,
	series = {Lecture {Notes} in {Computer} {Science}},
	title = {Breaking {reCAPTCHAs} with {Unpredictable} {Collapse}: {Heuristic} {Character} {Segmentation} and {Recognition}},
	isbn = {978-3-642-31148-2 978-3-642-31149-9},
	shorttitle = {Breaking {reCAPTCHAs} with {Unpredictable} {Collapse}},
	url = {https://link.springer.com/chapter/10.1007/978-3-642-31149-9_16},
	doi = {10.1007/978-3-642-31149-9_16},
	language = {en},
	urldate = {2017-08-24},
	booktitle = {Pattern {Recognition}},
	publisher = {Springer, Berlin, Heidelberg},
	author = {Cruz-Perez, Claudia and Starostenko, Oleg and Uceda-Ponga, Fernando and Alarcon-Aquino, Vicente and Reyes-Cabrera, Leobardo},
	month = jun,
	year = {2012},
	pages = {155--165},
}

@inproceedings{baecher_breaking_2011,
	series = {{IFIP} {Advances} in {Information} and {Communication} {Technology}},
	title = {Breaking {reCAPTCHA}: {A} {Holistic} {Approach} via {Shape} {Recognition}},
	isbn = {978-3-642-21423-3 978-3-642-21424-0},
	shorttitle = {Breaking {reCAPTCHA}},
	url = {https://link.springer.com/chapter/10.1007/978-3-642-21424-0_5},
	doi = {10.1007/978-3-642-21424-0_5},
	language = {en},
	urldate = {2017-08-24},
	booktitle = {Future {Challenges} in {Security} and {Privacy} for {Academia} and {Industry}},
	publisher = {Springer, Berlin, Heidelberg},
	author = {Baecher, Paul and BÃ¼scher, Niklas and Fischlin, Marc and Milde, Benjamin},
	month = jun,
	year = {2011},
	pages = {56--67},
}

@article{starostenko_breaking_2015,
	title = {Breaking text-based {CAPTCHAs} with variable word and character orientation},
	volume = {48},
	issn = {0031-3203},
	url = {http://www.sciencedirect.com/science/article/pii/S0031320314003483},
	doi = {10.1016/j.patcog.2014.09.006},
	number = {4},
	urldate = {2017-08-24},
	journal = {Pattern Recognition},
	author = {Starostenko, Oleg and Cruz-Perez, Claudia and Uceda-Ponga, Fernando and Alarcon-Aquino, Vicente},
	month = apr,
	year = {2015},
	keywords = {Breaking CAPTCHA, Heuristic classifier, reCAPTCHA Version 2012, Three-color bar character encoding, Word and character straightening},
	pages = {1101--1112},
}